Automatically generated by Mendeley Desktop 1.19.4
Any changes to this file will be lost if it is regenerated by Mendeley.

BibTeX export options can be customized via Options -> BibTeX in Mendeley Desktop

@InProceedings{AtlasMNI152,
author="Grabner, G{\"u}nther
and Janke, Andrew L.
and Budge, Marc M.
and Smith, David
and Pruessner, Jens
and Collins, D. Louis",
editor="Larsen, Rasmus
and Nielsen, Mads
and Sporring, Jon",
title="Symmetric Atlasing and Model Based Segmentation: An Application to the Hippocampus in Older Adults",
booktitle="Medical Image Computing and Computer-Assisted Intervention -- MICCAI 2006",
year="2006",
publisher="Springer Berlin Heidelberg",
address="Berlin, Heidelberg",
pages="58--66",
isbn="978-3-540-44728-3"
}

@inproceedings{normalizations,
author = {Jacob C. Reinhold and Blake E. Dewey and Aaron Carass and Jerry L. Prince},
title = {{Evaluating the impact of intensity normalization on MR image synthesis}},
volume = {10949},
booktitle = {Medical Imaging 2019: Image Processing},
editor = {Elsa D. Angelini and Bennett A. Landman},
organization = {International Society for Optics and Photonics},
publisher = {SPIE},
pages = {890 -- 898},
keywords = {image synthesis, brain MRI, intensity normalization, deep neural networks},
year = {2019},
doi = {10.1117/12.2513089},
URL = {https://doi.org/10.1117/12.2513089}
}



@article{Roohani2018,
author = {Roohani, Yusuf H. and Kiss, Eric G.},
doi = {10.1007/978-3-030-00949-6_1},
file = {:C$\backslash$:/Users/cadur/AppData/Local/Mendeley Ltd./Mendeley Desktop/Downloaded/Roohani, Kiss - 2018 - Improving Accuracy of Nuclei Segmentation by Reducing Histological Image Variability.pdf:pdf},
isbn = {9783030009489},
issn = {16113349},
journal = {Lect. Notes Comput. Sci. (including Subser. Lect. Notes Artif. Intell. Lect. Notes Bioinformatics)},
keywords = {Convolutional neural networks,Histology,Machine learning,Nuclei segmentation,Stain normalization},
pages = {3--10},
title = {{Improving Accuracy of Nuclei Segmentation by Reducing Histological Image Variability}},
volume = {11039 LNCS},
year = {2018}
}

@article{Kocioek2020,
author = {Kocio{\l}ek, Marcin and Strzelecki, Micha{\l} and Obuchowicz, Rafa{\l}},
doi = {10.1016/j.compmedimag.2020.101716},
file = {:C$\backslash$:/Users/cadur/AppData/Local/Mendeley Ltd./Mendeley Desktop/Downloaded/Kocio{\l}ek, Strzelecki, Obuchowicz - 2020 - Does image normalization and intensity resolution impact texture classification.pdf:pdf},
issn = {18790771},
journal = {Comput. Med. Imaging Graph.},
keywords = {Image procession,Normalization,Texture features},
pmid = {32222685},
title = {{Does image normalization and intensity resolution impact texture classification?}},
volume = {81},
year = {2020}
}

@article{Pontalba2019,
author = {Pontalba, Justin Tyler and Gwynne-Timothy, Thomas and David, Ephraim and Jakate, Kiran and Androutsos, Dimitrios and Khademi, April},
doi = {10.3389/fbioe.2019.00300},
file = {:C$\backslash$:/Users/cadur/AppData/Local/Mendeley Ltd./Mendeley Desktop/Downloaded/Pontalba et al. - 2019 - Assessing the Impact of Color Normalization in Convolutional Neural Network-Based Nuclei Segmentation Framework.pdf:pdf},
issn = {22964185},
journal = {Front. Bioeng. Biotechnol.},
keywords = {color normalization,computational pathology,deep learning,neural networks,nuclei segmentation,standardization},
number = {November},
pages = {1--22},
title = {{Assessing the Impact of Color Normalization in Convolutional Neural Network-Based Nuclei Segmentation Frameworks}},
volume = {7},
year = {2019}
}

@article{Salimans2016,
archivePrefix = {arXiv},
arxivId = {1602.07868},
author = {Salimans, Tim and Kingma, Diederik P.},
eprint = {1602.07868},
file = {:C$\backslash$:/Users/cadur/AppData/Local/Mendeley Ltd./Mendeley Desktop/Downloaded/Salimans, Kingma - 2016 - Weight normalization A simple reparameterization to accelerate training of deep neural networks.pdf:pdf},
issn = {10495258},
journal = {Adv. Neural Inf. Process. Syst.},
number = {Nips},
pages = {901--909},
title = {{Weight normalization: A simple reparameterization to accelerate training of deep neural networks}},
year = {2016}
}

@article{Jacobsen2019,
author = {Jacobsen, Nina and Deistung, Andreas and Timmann, Dagmar and Goericke, Sophia L. and Reichenbach, J{\"{u}}rgen R. and G{\"{u}}llmar, Daniel},
doi = {10.1016/j.zemedi.2018.11.004},
file = {:C$\backslash$:/Users/cadur/AppData/Local/Mendeley Ltd./Mendeley Desktop/Downloaded/Jacobsen et al. - 2019 - Analysis of intensity normalization for optimal segmentation performance of a fully convolutional neural networ.pdf:pdf},
issn = {18764436},
journal = {Z. Med. Phys.},
keywords = {Cerebellum,Convolutional neural network,Deep learning,Intensity normalization,MRI,Pre-processing,Segmentation},
number = {2},
pages = {128--138},
pmid = {30579766},
publisher = {Elsevier B.V.},
title = {{Analysis of intensity normalization for optimal segmentation performance of a fully convolutional neural network}},
url = {https://doi.org/10.1016/j.zemedi.2018.11.004},
volume = {29},
year = {2019}
}

@article{Shah2011,
author = {Shah, Mohak and Xiao, Yiming and Subbanna, Nagesh and Francis, Simon and Arnold, Douglas L. and Collins, D. Louis and Arbel, Tal},
doi = {10.1016/j.media.2010.12.003},
file = {:C$\backslash$:/Users/cadur/AppData/Local/Mendeley Ltd./Mendeley Desktop/Downloaded/Shah et al. - 2011 - Evaluating intensity normalization on MRIs of human brain with multiple sclerosis.pdf:pdf},
issn = {13618415},
journal = {Med. Image Anal.},
keywords = {Evaluation,Heterogenous MRI data,Intensity normalization,Multiple sclerosis},
number = {2},
pages = {267--282},
pmid = {21233004},
publisher = {Elsevier B.V.},
title = {{Evaluating intensity normalization on MRIs of human brain with multiple sclerosis}},
url = {http://dx.doi.org/10.1016/j.media.2010.12.003},
volume = {15},
year = {2011}
}

@inproceedings{10.1117/12.2513089,
author = {Jacob C. Reinhold and Blake E. Dewey and Aaron Carass and Jerry L. Prince},
title = {{Evaluating the impact of intensity normalization on MR image synthesis}},
volume = {10949},
booktitle = {Medical Imaging 2019: Image Processing},
editor = {Elsa D. Angelini and Bennett A. Landman},
organization = {International Society for Optics and Photonics},
publisher = {SPIE},
pages = {890 -- 898},
keywords = {image synthesis, brain MRI, intensity normalization, deep neural networks},
year = {2019},
doi = {10.1117/12.2513089},
URL = {https://doi.org/10.1117/12.2513089}
}

@article{article,
author = {Horwood, Alan and Hogan, SJ and Goddard, P and Rossiter, Jonathan},
year = {2009},
month = {04},
pages = {},
title = {Image Normalization, a Basic Requirement for Computer-based Automatic Diagnostic Applications.}
}
